%Encoding: UTF-8
usepackage{url}

@article{10055838620160101,
Author = {Mohn, Elizabeth},
Journal = {Salem Press Encyclopedia of Science},
Keywords = {INTERNET of things},
Title = {Internet of Things.},
URL = {http://ezproxy.uis.edu.co:2072/login.aspx?direct=true&db=ers&AN=100558386&lang=es&site=eds-live},
Year = {2016},
}

@ARTICLE{7879392, 
author={K. J. Singh and D. S. Kapoor}, 
journal={IEEE Consumer Electronics Magazine}, 
title={Create Your Own Internet of Things: A survey of IoT platforms.}, 
year={2017}, 
volume={6}, 
number={2}, 
pages={57-68}, 
keywords={Internet;Internet of Things;computer networks;mobile computing;AG;After Google;Internet activities;Internet of Things;IoT platforms;embedded hardware/devices;information exchange;physical thing network connection;Internet of Things;Network architecture;Performance evaluation}, 
doi={10.1109/MCE.2016.2640718}, 
ISSN={2162-2248}, 
month={April}}

@article{Atzori20102787,
title = {The Internet of Things: A survey },
journal = {Computer Networks },
volume = {54},
number = {15},
pages = {2787 - 2805},
year = {2010},
note = {},
issn = {1389-1286},
doi = {https://doi.org/10.1016/j.comnet.2010.05.010},
url = {http://www.sciencedirect.com/science/article/pii/S1389128610001568},
author = {Luigi Atzori and Antonio Iera and Giacomo Morabito},
keywords = {Internet of Things},
keywords = {Pervasive computing},
keywords = {RFID systems}
}

@PhdThesis{Noguera2016,
  author = {José Ángel Noguera A.},
  title  = {Sistema de diálogo basado en mensajería instantánea para el control de dispositivos en el Internet de las cosas},
  school = { Departamento de Informática y Sistemas. Universidad de Murcia},
  year   = {2016},
  month  = {Enero},
}

@INPROCEEDINGS{7925808, 
author={L. R. Wilhelmsson and M. M. Lopez and D. Sundman}, 
booktitle={2017 IEEE Wireless Communications and Networking Conference (WCNC)}, 
title={NB-WiFi: IEEE 802.11 and Bluetooth Low Energy Combined for Efficient Support of IoT}, 
year={2017}, 
pages={1-6}, 
keywords={AWGN channels;Bluetooth;Internet of Things;OFDM modulation;radio transceivers;wireless LAN;AWGN channel;Bluetooth low energy;Bluetooth wireless technology;IEEE 802.11ax technology;Internet of things;IoT;NB-WiFi;OFDM transceiver;access point;dual mode implementation;narrow-band WiFi;physical layer;sensor node;unlicensed bands;Bluetooth;IEEE 802.11 Standard;Modulation;OFDM;Receivers;Wireless fidelity}, 
doi={10.1109/WCNC.2017.7925808}, 
month={March},}

@INPROCEEDINGS{7842386, 
author={M. Heydariaan and O. Gnawali}, 
booktitle={2016 IEEE Global Communications Conference (GLOBECOM)}, 
title={WiFi Access Point as a Sensing Platform}, 
year={2016}, 
pages={1-6}, 
keywords={Internet;Internet of Things;wireless LAN;wireless sensor networks;Internet backend;Internet of Things;WiFi APs;WiFi access point;home IoT;low-power wireless;network architecture;sensing platform;Computer architecture;IEEE 802.11 Standard;Internet;Monitoring;Sensor systems;Universal Serial Bus}, 
doi={10.1109/GLOCOM.2016.7842386}, 
month={Dec},}

@MANUAL{Hoboware,
title={HOBO® U30-NRC User’s Guide },
organization={Onset Computer Corporation},
address={Bourne, MA.},
note={http://www.onsetcomp.com},}


@ELECTRONIC{omega2,
  author = {{Onion}},
  year = { https://onion.io/omega2},
  title = {Say hello to the Omega2}}
}

@misc{omega,
   author = {Onion(2017)},
   title = {Say hello to the Omega2},
   year = {},
   howpublished = {Recuperado de http://onion.io/omega2},
   note = 
   }

@misc{esp32,
author = {ESPRESSIF(2017)},
title = {ESP32},
year = {},
howpublished = {Recuperado de http://espressif.com/en/products/
hardware/esp32/overview},
note = 
}
@misc{raspberry,
author = {Raspberry Pi Foundation(2017)},
title = {RASPBERRY PI 3 MODEL B},
year = {},
howpublished = {Recuperado de https://www.raspberrypi.org/products/raspberry-pi-3-model-b},
note = 
}
@misc{ubidots,
author = {Ubidots(2017)},
title = {Accelerate Internet of Things Innovation},
year = {},
howpublished = {Recuperado de http://ubidots.com},
note = 
}

@misc{thingspeak,
author = {The MathWorks Inc.(2017)},
title = {Understand Your Things, the open IoT platform with MATLAB analytics.},
year = {},
howpublished = {Recuperado de http://thingspeak.com},
note = 
}

@misc{initial,
author = {Initial State Technologies Inc.(2017)},
title = {Data Analytics for the Internet of Things},
year = {},
howpublished = {Recuperado de http://www.initialstate.com},
note = 
}
@article{molano,
title = {INTRODUCCIÓN AL INTERNET DE LAS COSAS},
journal = {IEEE},
volume = {54},
number = {15},
pages = {53-59},
year = {2015},
note = {},
issn = {2248-762X},
doi = {},
url = {http://www.sciencedirect.com/science/article/pii/S1389128610001568},
author = {Rodríguez Molano, José Ignacio; Montenegro Marín, Carlos Enrique; Cueva Lovelle, Juan Manuel.,
keywords = {Internet of Things},
}

@article{Cha,
title = {The role of an IoT platform in the design of real-time recommender systems},
journal = {Inspec},
volume = {54},
number = {15},
pages = {448-53},
year = {2016},
note = {},
issn = {2248-762X},
doi = {},
url = {http://www.sciencedirect.com/science/article/pii/S1389128610001568},
author = {Sangwhan Cha; Ruiz, M.P.; Wachowicz, M.; Loc Hoang Tran; Hung Cao; Maduako, I,
keywords = {IoT platform},
keywords ={real-time recommender system design},
keywords ={Internet of Things},
keywords ={smart connected devices},
keywords ={user event data collection},
keywords ={tourism application},
}


@article{Paneles,
title = {Implementación de un prototipo para la caracterización de Paneles Fotovoltaicos},
author = {Chacón Avendaño, J. and Ortiz Jurado, R.},
journal = {Tesis de pregrado},
volume = {Escuela de ingenierías eléctrica, electrónica y de telecomunicaciones. Universidad Industrial de Santander},
year = {2016},
}

@article{Proto,
author = {Sandoval Hernández, N. and  Angarita Arenas, S. },
title = {Prototipo para la caracterización de paneles fotovoltaicos incorporando funciones de visualización de datos y sensado de variables meteorológicas},
year = {2017},
journal = {Tesis de pregrado},
volume = {Escuela de ingenierías eléctrica, electrónica y de telecomunicaciones. Universidad Industrial de Santander},
}

@Comment{jabref-meta: databaseType:bibtex;}